@article{thomassen92,
 ISSN = {00029890, 19300972},
 URL = {http://www.jstor.org/stable/2324180},
 author = {Carsten Thomassen},
 journal = {The American Mathematical Monthly},
 number = {2},
 pages = {116-131},
 publisher = {Mathematical Association of America},
 title = {The {Jordan}-{Schonflies} theorem and the classification of surfaces},
 volume = {99},
 year = {1992}
}
@article{hales07,
 author = {Thomas Hales},
 journal = {Studies in Logic, Grammar and Rhetoric},
 number = {23},
 pages = {116-131},
 publisher = {Mathematical Association of America},
 title = {{Jordan}'s proof of the {Jordan} {Curve} {Theorem}},
 volume = {10},
 year = {2007}
}


